@String(PAMI={IEEE Trans. Pattern Anal. Mach. Intell.})
@String(IJCV={Int. J. Comput. Vis.})
@String(CVPR={IEEE Conf. Comput. Vis. Pattern Recog.})
@String(ICCV={Int. Conf. Comput. Vis.})
@String(ECCV={Eur. Conf. Comput. Vis.})
@String(NIPS={Adv. Neural Inform. Process. Syst.})
@String(ICPR={Int. Conf. Pattern Recog.})
@String(BMVC={Brit. Mach. Vis. Conf.})
@String(TOG={ACM Trans. Graph.})
@String(TIP={IEEE Trans. Image Process.})
@String(TVCG={IEEE Trans. Vis. Comput. Graph.})
@String(TMM={IEEE Trans. Multimedia})
@String(ACMMM={ACM Int. Conf. Multimedia})
@String(ICME={Int. Conf. Multimedia and Expo})
@String(ICASSP={ICASSP})
@String(ICIP={IEEE Int. Conf. Image Process.})
@String(ACCV={ACCV})
@String(ICLR={Int. Conf. Learn. Represent.})
@String(IJCAI={IJCAI})
@String(PR={Pattern Recognition})
@String(AAAI={AAAI})
@String(CVPRW={IEEE Conf. Comput. Vis. Pattern Recog. Worksh.})
@String(CSVT={IEEE Trans. Circuit Syst. Video Technol.})
@String(SPL={IEEE Sign. Process. Letters})
@String(VR={Vis. Res.})
@String(JOV={J. Vis.})
@String(TVC={The Vis. Comput.})
@String(JCST={J. Comput. Sci. Tech.})
@String(CGF={Comput. Graph. Forum})
@String(CVM={Computational Visual Media})
@String(PAMI={IEEE TPAMI})
@String(IJCV={IJCV})
@String(CVPR={CVPR})
@String(ICCV={ICCV})
@String(ECCV={ECCV})
@String(NIPS={NeurIPS})
@String(ICPR={ICPR})
@String(BMVC={BMVC})
@String(TOG={ACM TOG})
@String(TIP={IEEE TIP})
@String(TVCG={IEEE TVCG})
@String(TCSVT={IEEE TCSVT})
@String(TMM={IEEE TMM})
@String(ACMMM={ACM MM})
@String(ICME={ICME})
@String(ICASSP={ICASSP})
@String(ICIP={ICIP})
@String(ACCV={ACCV})
@String(ICLR={ICLR})
@String(IJCAI={IJCAI})
@String(PR={PR})
@String(AAAI={AAAI})
@String(CVPRW={CVPRW})
@String(CSVT={IEEE TCSVT})
@article{
  ahn,
  abstract={Full surround 3D imaging for shape acquisition is essential for generating digital replicas of real-world objects. Surrounding an object we seek to scan with a kaleidoscope, that is, a configuration of multiple planar mirrors, produces an image of the object that encodes information from a combinatorially large number of virtual viewpoints. This information is practically useful for the full surround 3D reconstruction of the object, but cannot be used directly, as we do not know what virtual viewpoint each image pixel corresponds---the pixel label. We introduce a structured light system that combines a projector and a camera with a kaleidoscope. We then prove that we can accurately determine the labels of projector and camera pixels, for arbitrary kaleidoscope configurations, using the projector-camera epipolar geometry. We use this result to show that our system can serve as a multi-view structured light system with hundreds of virtual projectors and cameras. This makes our system capable of scanning complex shapes precisely and with full coverage. We demonstrate the advantages of the kaleidoscopic structured light system by scanning objects that exhibit a large range of shapes and reflectances.},
  address={New York, NY, USA},
  articleno={214},
  author={Ahn, Byeongjoo and Gkioulekas, Ioannis and Sankaranarayanan, Aswin C.},
  doi={10.1145/3478513.3480524},
  issn={0730-0301},
  issue_date={December 2021},
  journal={ACM Trans. Graph.},
  keywords={structured light, epipolar geometry, kaleidoscope, multi-view stereo},
  month={dec},
  number={6},
  numpages={15},
  publisher={Association for Computing Machinery},
  title={Kaleidoscopic Structured Light},
  volume={40},
  year={2021},
  url={https://doi.org/10.1145/3478513.3480524}
}
@inproceedings{
  basri,
  author={Basri, R. and Jacobs, D.},
  booktitle={Proceedings of the 2001 IEEE Computer Society Conference on Computer Vision and Pattern Recognition. CVPR 2001}, 
  doi={10.1109/CVPR.2001.990985},
  number={},
  pages={II-II},
  title={Photometric stereo with general, unknown lighting}, 
  volume={2},
  year={2001}
}
@article{
  defigueiredo,
  abstract={A theory of photometric stereo is proposed for a large class of non-Lambertian reflectance maps. The authors review the different reflectance maps proposed in the literature for modeling reflection from real-world surfaces. From this, they obtain a mathematical class of reflectance maps to which the maps belong. They show that three lights can be sufficient for a unique inversion of the photometric stereo equation for the entire class of reflectance maps. They also obtain a constraint on the positions of light sources for obtaining this solution. They investigate the sufficiency of three light sources to estimate the surface normal and the illuminant strength. The issue of completeness of reconstruction is addressed. They show that if k lights are sufficient for a unique inversion, 2k lights are necessary for a complete inversion.},
  address={Los Alamitos, CA, USA},
  author={R. deFigueiredo and H. Tagare},
  doi={10.1109/34.67643},
  issn={1939-3539},
  journal={IEEE Transactions on Pattern Analysis and Machine Intelligence},
  keywords={computer vision; machine vision; diffuse nonlambertian surfaces; photometric stereo; reflectance maps; reflection; real-world surfaces; light sources; computer vision; reflectivity},
  month={feb},
  number={02},
  pages={133-152},
  publisher={IEEE Computer Society},
  title={A Theory of Photometric Stereo for a Class of Diffuse Non-Lambertian Surfaces},
  volume={13},
  year={1991}
}
@article{
  hertzmann,
  author={Hertzmann, A. and Seitz, S.M.},
  doi={10.1109/TPAMI.2005.158},
  journal={IEEE Transactions on Pattern Analysis and Machine Intelligence}, 
  number={8},
  pages={1254-1264},
  title={Example-based photometric stereo: shape reconstruction with general, varying BRDFs}, 
  volume={27},
  year={2005}
}
@inproceedings{
  lanman,
  author={Lanman, Douglas and Crispell, Daniel and Taubin, Gabriel},
  booktitle={Sixth International Conference on 3-D Digital Imaging and Modeling (3DIM 2007)}, 
  doi={10.1109/3DIM.2007.57},
  number={},
  pages={107-116},
  title={Surround Structured Lighting for Full Object Scanning}, 
  volume={},
  year={2007}
}
@inproceedings{
  woodham,
  author={Robert J. Woodham},
  doi={10.1117/12.956740},
  booktitle={Image Understanding Systems and Industrial Applications I},
  editor={Ram Nevatia},
  organization={International Society for Optics and Photonics},
  pages={136 -- 143},
  publisher={SPIE},
  title={{Photometric Stereo: A Reflectance Map Technique For Determining Surface Orientation From Image Intensity}},
  url={https://doi.org/10.1117/12.956740},
  volume={0155},
  year={1979}
}
@inproceedings{
  xu,
  author={Xu, Ruilin and Nayar, Shree K. and Gupta, Mohit},
  booktitle={2018 IEEE/CVF Conference on Computer Vision and Pattern Recognition}, 
  doi={10.1109/CVPR.2018.00651},
  number={},
  pages={6219-6227},
  title={Trapping Light for Time of Flight}, 
  volume={},
  year={2018}
}
@inproceedings{
  yang,
  author={Yang, Xin and Mei, Haiyang and Xu, Ke and Wei, Xiaopeng and Yin, Baocai and Lau, Rynson},
  booktitle={2019 IEEE/CVF International Conference on Computer Vision (ICCV)}, 
  number={},
  pages={8808-8817},
  doi={10.1109/ICCV.2019.00890},
  title={Where Is My Mirror?}, 
  volume={},
  year={2019}
}

